% This file was created with JabRef 2.10.
% Encoding: UTF-8

@inproceedings{GogollaHH14,
  author    = {Martin Gogolla and
               Lars Hamann and
               Frank Hilken},
  title     = {{Checking Transformation Model Properties with a {UML} and {OCL} Model
               Validator}},
  booktitle = {Third International Workshop on Verification of
               Model Transformations},
  pages     = {16--25},
  year      = {2014}
}

@InProceedings{ButtnerEC12,
  Title                    = {On Verifying {ATL} Transformations Using 'off-the-shelf' {SMT} Solvers},
  Author                   = {Fabian B{\"{u}}ttner and
 Marina Egea and
 Jordi Cabot},
  Booktitle                = {Model Driven Engineering Languages and Systems - 15th International
 Conference, {MODELS} 2012, Innsbruck, Austria, September 30-October
 5, 2012. Proceedings},
  Year                     = {2012},
  Pages                    = {432--448},

  Bibsource                = {dblp computer science bibliography, http://dblp.org},
  Biburl                   = {http://dblp.uni-trier.de/rec/bib/conf/models/ButtnerEC12},
  Crossref                 = {DBLP:conf/models/2012},
  Doi                      = {10.1007/978-3-642-33666-9_28},
  Timestamp                = {Wed, 19 Sep 2012 15:04:35 +0200},
  Url                      = {http://dx.doi.org/10.1007/978-3-642-33666-9_28}
}

@InProceedings{GonzalezC12,
  Title                    = {{ATLTest: {A} White-Box Test Generation Approach for {ATL} Transformations}},
  Author                   = {Carlos A. Gonz{\'{a}}lez and Jordi Cabot},
  Booktitle                = {MODELS},
  Year                     = {2012},
  Pages                    = {449--464}
}

@InCollection{Buettner2013,
  Title                    = {Checking Model Transformation Refinement},
  Author                   = {B{\"u}ttner, Fabian and Egea, Marina and Guerra, Esther and De Lara, Juan},
  Booktitle                = {Theory and Practice of Model Transformations},
  Publisher                = {Springer},
  Year                     = {2013},
  Pages                    = {158--173}
}

@InCollection{Barroca2011,
  Title                    = {Dsltrans: A turing incomplete transformation language},
  Author                   = {Barroca, Bruno and L{\'u}cio, Levi and Amaral, Vasco and F{\'e}lix, Roberto and Sousa, Vasco},
  Booktitle                = {Software Language Engineering},
  Publisher                = {Springer},
  Year                     = {2011},
  Pages                    = {296--305}
}

@Article{CabotCGL10,
  Title                    = {Verification and validation of declarative model-to-model transformations
 through invariants},
  Author                   = {Jordi Cabot and
 Robert Claris{\'{o}} and
 Esther Guerra and
 Juan de Lara},
  Journal                  = {Journal of Systems and Software},
  Year                     = {2010},
  Number                   = {2},
  Pages                    = {283--302},
  Volume                   = {83}
}

@InCollection{Gogolla2011,
  Title                    = {Tractable model transformation testing},
  Author                   = {Gogolla, Martin and Vallecillo, Antonio},
  Booktitle                = {ECMFA},
  Publisher                = {Springer},
  Year                     = {2011},
  Pages                    = {221--235}
}

@InCollection{Lucio2010,
  Title                    = {A technique for automatic validation of model transformations},
  Author                   = {L{\'u}cio, Levi and Barroca, Bruno and Amaral, Vasco},
  Booktitle                = {Model Driven Engineering Languages and Systems},
  Publisher                = {Springer},
  Year                     = {2010},
  Pages                    = {136--150}
}

@TechReport{Lucio2014,
  Title                    = {A technique for symbolically verifying properties of graph-based model transformations},
  Author                   = {L{\'u}cio, Levi and Oakes, B and Vangheluwe, Hans},
  Institution              = {Technical Report SOCS-TR-2014.1, McGill U},
  Year                     = {2014}
}

@PhdThesis{Selim2015,
  Title                    = {Formal Verification of Graph-Based Model Transformations},
  Author                   = {Gehan MK Selim},
  School                   = {Queen's University},
  Year                     = {2015},

  Owner                    = {boakes},
  Timestamp                = {2015.05.01}
}

@InCollection{Selim2014,
  Title                    = {Specification and Verification of Graph-Based Model Transformation Properties},
  Author                   = {Selim, Gehan MK and L{\'u}cio, Levi and Cordy, James R and Dingel, Juergen and Oakes, Bentley J},
  Booktitle                = {Graph Transformation},
  Publisher                = {Springer},
  Year                     = {2014},
  Pages                    = {113--129}
}

@InCollection{Selim2012,
  Title                    = {Model transformations for migrating legacy models: an industrial case study},
  Author                   = {Selim, Gehan MK and Wang, Shige and Cordy, James R and Dingel, Juergen},
  Booktitle                = {Modelling Foundations and Applications},
  Publisher                = {Springer},
  Year                     = {2012},
  Pages                    = {90--101}
}

@Article{Troya2011,
  Title                    = {{A Rewriting Logic Semantics for ATL}},
  Author                   = {Troya, Javier and Vallecillo, Antonio},
  Journal                  = {Journal of Object Technology},
  Year                     = {2011},
  Number                   = {5},
  Pages                    = {1--29},
  Volume                   = {10}
}

@InCollection{Vallecillo2012,
  Title                    = {Formal specification and testing of model transformations},
  Author                   = {Vallecillo, Antonio and Gogolla, Martin and Burgueno, Loli and Wimmer, Manuel and Hamann, Lars},
  Booktitle                = {Formal Methods for Model-Driven Engineering},
  Publisher                = {Springer},
  Year                     = {2012},
  Pages                    = {399--437}
}

@Misc{atlTool,
  Title                    = {{A}tlas {T}ransformation {L}anguage -- {ATL}},
  HowPublished             = {http://eclipse.org/atl}
}

@Misc{atlZoo,
  Title                    = {{ATL} {Z}oo},
  HowPublished             = {http://www.eclipse.org/atl/atlTransformations}
}

@inproceedings{Pele,
   author = {Pau Giner and Vicente Pelechano},
   title = {{Test-Driven Development of Model Transformations}},
   booktitle = {MODELS'09},
   year      = {2009},
   publisher = {Springer},
   pages = {748--752},
}

@inproceedings{BaloghBCGHMPPRVa10,
  author    = {Andr{\'a}s Balogh and
               G{\'a}bor Bergmann and
               Gy{\"o}rgy Csert{\'a}n and
               L{\'a}szl{\'o} G{\"o}nczy and
               {\'A}kos Horv{\'a}th and
               Istv{\'a}n Majzik and
               Andr{\'a}s Pataricza and
               Bal{\'a}zs Polg{\'a}r and
               Istv{\'a}n R{\'a}th and
               D{\'a}niel Varr{\'o} and
               Gergely Varr{\'o}},
  title     = {Workflow-Driven Tool Integration Using Model Transformations},
  booktitle = {Graph Transformations and Model-Driven Engineering},
  year      = {2010},
  pages     = {224--248},
  publisher = {Springer}
}

@inproceedings{Kolovos08,
 author = {Dimitrios Kolovos and Richard Paige and Louis Rose and Fiona Polack},
 title = {{Unit Testing Model Management Operations}},
 booktitle = {ICSTW},
 year = {2008},
 pages = {97--104},
 publisher = {IEEE}
}

@inproceedings{Ramos07,
  author    = {Rodrigo Ramos and
               Olivier Barais and
               Jean-Marc J{\'e}z{\'e}quel},
  title     = {Matching Model-Snippets},
  booktitle = {MoDELS'07},
  year      = {2007},
  publisher = {Springer},
  pages     = {121--135}
}


@inproceedings{Kolovos06,
 author = {Kolovos, Dimitrios S. and Paige, Richard F. and Polack, Fiona A.C.},
 title = {Model comparison: a foundation for model composition and model transformation testing},
 booktitle = {GaMMa'06},
 year = {2006},
 pages = {13--20},
 publisher = {ACM}
}


@article{Cariou09,
  author    = {Eric Cariou and
               Nicolas Belloir and
               Franck Barbier and
               Nidal Djemam},
  title     = {{OCL} contracts for the verification of model transformations},
  journal   = {ECEASST},
  volume    = {24},
  year      = {2009}
}

@article{Guerra12,
  author    = {Esther Guerra and
               Juan de Lara and
               Manuel Wimmer and
               Gerti Kappel and
               Angelika Kusel and
               Werner Retschitzegger and
               Johannes Sch{\"{o}}nb{\"{o}}ck and
               Wieland Schwinger},
  title     = {Automated verification of model transformations based on visual contracts},
  journal   = {Autom. Softw. Eng.},
  volume    = {20},
  number    = {1},
  pages     = {5--46},
  year      = {2013}
}

@inproceedings{Garcia-Dominguez11,
  author    = {Antonio Garc\'{\i}a-Dom\'{\i}nguez and
               Dimitrios S. Kolovos and
               Louis M. Rose and
               Richard F. Paige and
               Inmaculada Medina-Bulo},
  title     = {{EUnit: A Unit Testing Framework for Model Management Tasks}},
  booktitle = {MODELS},
  year      = {2011},
  pages     = {395-409},
  publisher = {Springer}
}

@inproceedings{BaloghBCGHMPPRVa10,
  author    = {Andr{\'a}s Balogh and
               G{\'a}bor Bergmann and
               Gy{\"o}rgy Csert{\'a}n and
               L{\'a}szl{\'o} G{\"o}nczy and
               {\'A}kos Horv{\'a}th and
               Istv{\'a}n Majzik and
               Andr{\'a}s Pataricza and
               Bal{\'a}zs Polg{\'a}r and
               Istv{\'a}n R{\'a}th and
               D{\'a}niel Varr{\'o} and
               Gergely Varr{\'o}},
  title     = {{Workflow-Driven Tool Integration Using Model Transformations}},
  booktitle = {Graph Transformations and Model-Driven Engineering},
  year      = {2010},
  pages     = {224--248},
  publisher = {Springer}
}

@inproceedings{Mottu2008,
     author = {Mottu, Jean-Marie and Baudry, Benoit and Traon, Yves Le},
     title = {Model transformation testing: oracle issue},
     booktitle = {ICSTW},
     year = {2008},
     pages = {105--112},
     publisher = {IEEE}
}

@inproceedings{WieberAS14,
  author    = {Martin Wieber and
               Anthony Anjorin and
               Andy Sch{\"{u}}rr},
  title     = {{On the Usage of TGGs for Automated Model Transformation Testing}},
  booktitle = {Theory and Practice of Model Transformations},
  pages     = {1--16},
  year      = {2014}
}

@INPROCEEDINGS{Anastasakis07,
  AUTHOR =       {Kyriakos Anastasakis and  Behzad Bordbar and Jochen M. K\"uster},
  TITLE =        {{Analysis of Model Transformations via {Alloy}}},
  BOOKTITLE =    {Proc. of MoDeVVa},
  YEAR =         {2007}
}

@article{Narayanan08,
  author    = {Anantha Narayanan and
               Gabor Karsai},
  title     = {{Towards Verifying Model Transformations}},
  journal   = {Electr. Notes Theor. Comput. Sci.},
  volume    = {211},
  year      = {2008},
  pages     = {191--200}
}

@inproceedings{AmraniLSCDVTC12,
  author    = {Moussa Amrani and
               Levi Lucio and
               Gehan M. K. Selim and
               Beno{\^{\i}}t Combemale and
               J{\"{u}}rgen Dingel and
               Hans Vangheluwe and
               Yves Le Traon and
               James R. Cordy},
  title     = {{A Tridimensional Approach for Studying the Formal Verification of
               Model Transformations}},
  booktitle = {ICSTW},
  pages     = {921--928},
  year      = {2012}
}
